%% This BibTeX bibliography file was created using BibDesk.
%% http://bibdesk.sourceforge.net/


https://www.overleaf.com/learn/latex/bibliography_management_with_bibtex
% Standar entry types
    % article
    % book
    % booklet
    % conference
    % inbook
    % incollection
    % inproceedings
    % manual
    % masterthesis
    % misc
    % phdthesis
    % proceedings
    % techreport
    % unpublished
% Most common fiedls
    % address
    % annote
    % author
    % booktitle
    % chapter
    % crossref
    % edition
    % editor
    % institution
    % journal
    % key
    % month
    % note
    % number
    % organization
    % pages
    % publisher
    % school
    % series
    % title 
    % type
    % volume
    % year
    % URL
    % ISBN
    % ISSN
    % LCCN
    % abstract
    % keywords
    % price
    % copyright
    % language
    % contents 

@ARTICLE{CivilAplications,  
    author = {Shakhatreh, Hazim and Sawalmeh, Ahmad H. and Al-Fuqaha, Ala and Dou, Zuochao and Almaita, Eyad and Khalil, Issa and Othman, Noor Shamsiah and Khreishah, Abdallah and Guizani, Mohsen},  
    journal = {IEEE Access},   
    title = {Unmanned Aerial Vehicles (UAVs): A Survey on Civil Applications and Key Research Challenges},   
    year = {2019},  
    volume = {7},  
    number = {},  
    pages = {48572-48634},  
    doi = {10.1109/ACCESS.2019.2909530}
    }

@article{PowerOutagesCauses,
  title = {Method of operating a GIS-based autopilot drone to inspect ultrahigh voltage power lines and its field tests},
  author = {Park, Joon-Young and Kim, Seok-Tae and Lee, Jae-Kyung and Ham, Ji-Wan and Oh, Ki-Yong},
  journal = {Journal of Field Robotics},
  volume = {37},
  number = {3},
  pages = {345--361},
  year = {2020},
  publisher = {Wiley Online Library}
}

@article{MaintenanceCost,
  title = {Unmanned aircraft system path planning for visually inspecting electric transmission towers},
  author = {Baik, Hyeoncheol and Valenzuela, Jorge},
  journal = {Journal of Intelligent \& Robotic Systems},
  volume = {95},
  number = {3},
  pages = {1097--1111},
  year = {2019},
  publisher = {Springer}
}

@article{MaintenanceSolutions,
  title = {The Power Line Inspection Software (PoLIS): A versatile system for automating power line inspection},
  author = {Martinez, Carol and Sampedro, Carlos and Chauhan, Aneesh and Collumeau, Jean Fran{\c{c}}ois and Campoy, Pascual},
  journal = {Engineering applications of artificial intelligence},
  volume = {71},
  pages = {293--314},
  year = {2018},
  publisher = {Elsevier}
}

@article{FastOnlinePlanning,
  title = {Physical orienteering problem for unmanned aerial vehicle data collection planning in environments with obstacles},
  author = {P{\v{e}}ni{\v{c}}ka, Robert and Faigl, Jan and Saska, Martin},
  journal = {IEEE Robotics and Automation Letters},
  volume = {4},
  number = {3},
  pages = {3005--3012},
  year = {2019},
  publisher = {IEEE}
}

@article{AerialCoreMulti-Layer,
  title={A Multi-Layer Software Architecture for Aerial Cognitive Multi-Robot Systems in Power Line Inspection Tasks},
  author={Silano, Giuseppe and Bednar, Jan and Nascimento, Tiago and Capitan, Jesus and Saska, Martin and Ollero, Anibal},
  year={2021}
}

@book{UAVhandbook,
  title = {Handbook of unmanned aerial vehicles},
  author = {Valavanis, Kimon P and Vachtsevanos, George J},
  volume = {2077},
  year = {2015},
  publisher = {Springer}
}

@article{COLIBRI,
  title = {COLIBRI: A hovering flapping twin-wing robot},
  author = {Roshanbin, A and Altartouri, Hussein and Kar{\'a}sek, Matej and Preumont, Andr{\'e}},
  journal = {International Journal of Micro Air Vehicles},
  volume = {9},
  number = {4},
  pages = {270--282},
  year = {2017},
  publisher = {SAGE Publications Sage UK: London, England}
}

@inproceedings{GRIFFING,
  title={Towards flapping wing robot visual perception: Opportunities and challenges},
  author={Egu{\'\i}luz, A G{\'o}mez and Rodr{\'\i}guez-G{\'o}mez, JP and Paneque, JL and Grau, P and de Dios, JR Mart{\'\i}nez and Ollero, A},
  booktitle={2019 Workshop on Research, Education and Development of Unmanned Aerial Systems (RED UAS)},
  pages={335--343},
  year={2019},
  organization={IEEE}
}

@article{ollero2004control,
  title={Control and perception techniques for aerial robotics},
  author={Ollero, An{\'\i}bal and Merino, Luis},
  journal={Annual reviews in Control},
  volume={28},
  number={2},
  pages={167--178},
  year={2004},
  publisher={Elsevier}
}

@inproceedings{AURORA,
  title={Project AURORA: Towards an autonomous robotic airship},
  author={Bueno, Samuel S and Azinheira, Jos{\'e} R and Ramos, JJG and Paiva, E and Rives, Patrick and Elfes, Alberto and Carvalho, Jos{\'e} RH and Silveira, Geraldo F},
  booktitle={Workshop on Aerial Robotics, IEEE International Conference on Intelligent Robots and Systems},
  pages={43--54},
  year={2002}
}

@misc{predator,
    author = "{Wikipedia contributors}",
    title = "General Atomics MQ-1 Predator --- {Wikipedia}{,} The Free Encyclopedia",
    year = "2021",
    howpublished = "\url{https://en.wikipedia.org/w/index.php?title=General_Atomics_MQ-1_Predator&oldid=1041584540}",
    note = "[Online; accessed 27-September-2021]"
}

@INPROCEEDINGS{BIGBLUE,
  author={Simpson, A.D. and Rawashdeh, O.A. and Smith, S.W. and Jacob, J.D. and Smith, W.T. and Lumpp, J.E.},
  booktitle={2005 IEEE Aerospace Conference}, 
  title={BIG BLUE: high-altitude UAV demonstrator of Mars airplane technology}, 
  year={2005},
  volume={},
  number={},
  pages={4461-4471},
  doi={10.1109/AERO.2005.1559753}
}

@article{miniquadrotor,
  title={Mini quadrotor UAV: design and experiment},
  author={Capello, Elisa and Scola, Alessandro and Guglieri, Giorgio and Quagliotti, Fulvia},
  journal={Journal of Aerospace Engineering},
  volume={25},
  number={4},
  pages={559--573},
  year={2012},
  publisher={American Society of Civil Engineers}
}

@article{quadrotorsreview,
  title={Quadrotors unmanned aerial vehicles: A review},
  author={Ghazbi, S Norouzi and Aghli, Yasaman and Alimohammadi, M and Akbari, Ali Akbar},
  journal={International journal on smart sensing and Intelligent Systems},
  volume={9},
  number={1},
  year={2016},
  publisher={Exeley Inc.}
}

@article{mesicopter,
  title={The mesicopter: A miniature rotorcraft concept phase ii interim report},
  author={Kroo, Ilan and Prinz, Fritz and Shantz, Michael and Kunz, Peter and Fay, Gary and Cheng, Shelley and Fabian, Tibor and Partridge, Chad},
  journal={Stanford university},
  year={2000}
}

@inproceedings{pounds,
  title={Design of a four-rotor aerial robot},
  author={Pounds, Paul and Mahony, Robert and Hynes, Peter and Roberts, Jonathan M},
  booktitle={The Australian Conference on Robotics and Automation (ACRA 2002)},
  pages={145--150},
  year={2002}
}

@article{fullyactuated,
  title={Fully actuated multirotor UAVs: A literature review},
  author={Rashad, Ramy and Goerres, Jelmer and Aarts, Ronald and Engelen, Johan BC and Stramigioli, Stefano},
  journal={IEEE Robotics \& Automation Magazine},
  volume={27},
  number={3},
  pages={97--107},
  year={2020},
  publisher={IEEE}
}

@article{GRIFFIN2021,
  title={Design of the High-Payload Flapping Wing Robot E-Flap},
  author={Zufferey, Raphael and Tormo-Barbero, Jes{\'u}s and Guzm{\'a}n, M Mar and Maldonado, Fco Javier and Sanchez-Laulhe, Ernesto and Grau, Pedro and P{\'e}rez, Mart{\'\i}n and Acosta, Jos{\'e} {\'A}ngel and Ollero, Anibal},
  journal={IEEE Robotics and Automation Letters},
  volume={6},
  number={2},
  pages={3097--3104},
  year={2021},
  publisher={IEEE}
}

@article{OffBoard,
  title={Toward a fully autonomous UAV: Research platform for indoor and outdoor urban search and rescue},
  author={Tomic, Teodor and Schmid, Korbinian and Lutz, Philipp and Domel, Andreas and Kassecker, Michael and Mair, Elmar and Grixa, Iris Lynne and Ruess, Felix and Suppa, Michael and Burschka, Darius},
  journal={IEEE robotics \& automation magazine},
  volume={19},
  number={3},
  pages={46--56},
  year={2012},
  publisher={IEEE}
}

@article{multiUAVclassification,
  title={Classification of multi-UAV architectures},
  author={Maza, Ivan and Ollero, Anibal and Casado, Enrique and Scarlatti, David},
  journal={Handbook of unmanned aerial vehicles},
  pages={953--975},
  year={2014},
  publisher={Springer Dordrecht, The Netherlands}
}

@article{miningSensors,
  title={A review of UAV monitoring in mining areas: Current status and future perspectives},
  author={Ren, He and Zhao, Yanling and Xiao, Wu and Hu, Zhenqi},
  journal={International Journal of Coal Science \& Technology},
  volume={6},
  number={3},
  pages={320--333},
  year={2019},
  publisher={Springer}
}

@inproceedings{SenseAndAvoid,
  title={Sense and avoid technology in unmanned aerial vehicles: A review},
  author={Chand, B Nikhil and Mahalakshmi, P and Naidu, VPS},
  booktitle={2017 International Conference on Electrical, Electronics, Communication, Computer, and Optimization Techniques (ICEECCOT)},
  pages={512--517},
  year={2017},
  organization={IEEE}
}

@article{aasen2018quantitative,
  title={Quantitative remote sensing at ultra-high resolution with UAV spectroscopy: A review of sensor technology, measurement procedures, and data correction workflows},
  author={Aasen, Helge and Honkavaara, Eija and Lucieer, Arko and Zarco-Tejada, Pablo J},
  journal={Remote Sensing},
  volume={10},
  number={7},
  pages={1091},
  year={2018},
  publisher={Multidisciplinary Digital Publishing Institute}
}
